<record><leader>00000cas a2200000 a 4500</leader><controlfield tag="001">14183783</controlfield><controlfield tag="008">860905d19541955kyuwr ne      0    0eng d</controlfield><datafield ind1=" " ind2=" " tag="010"><subfield code="a">sn 86069462 </subfield></datafield><datafield ind1=" " ind2=" " tag="040"><subfield code="a">KNP</subfield><subfield code="b">eng</subfield><subfield code="c">KNP</subfield><subfield code="d">OCL</subfield><subfield code="d">OCLCQ</subfield><subfield code="d">KYUBL</subfield><subfield code="d">OCLCQ</subfield><subfield code="d">DLC</subfield><subfield code="d">OCLCF</subfield><subfield code="d">OCLCO</subfield></datafield><datafield ind1="1" ind2=" " tag="029"><subfield code="a">AU@</subfield><subfield code="b">000025825902</subfield></datafield><datafield ind1=" " ind2=" " tag="042"><subfield code="a">msc</subfield></datafield><datafield ind1=" " ind2=" " tag="043"><subfield code="a">n-us-ky</subfield></datafield><datafield ind1="0" ind2=" " tag="130"><subfield code="a">Marion reporter (Marion, Ky. : 1954)</subfield></datafield><datafield ind1="1" ind2="0" tag="245"><subfield code="a">Marion reporter.</subfield></datafield><datafield ind1=" " ind2=" " tag="260"><subfield code="a">Marion, Ky. :</subfield><subfield code="b">[s.n.],</subfield><subfield code="c">1954-1955.</subfield></datafield><datafield ind1=" " ind2=" " tag="300"><subfield code="a">v. :</subfield><subfield code="b">ill.</subfield></datafield><datafield ind1=" " ind2=" " tag="310"><subfield code="a">Weekly</subfield></datafield><datafield ind1="0" ind2=" " tag="362"><subfield code="a">Vol. 1, no. 1 (June 10, 1954)-v. 1, no. 43 (Mar. 31, 1955).</subfield></datafield><datafield ind1=" " ind2="0" tag="651"><subfield code="a">Crittenden County (Ky.)</subfield><subfield code="v">Newspapers.</subfield></datafield><datafield ind1=" " ind2="0" tag="651"><subfield code="a">Marion (Ky.)</subfield><subfield code="v">Newspapers.</subfield></datafield><datafield ind1=" " ind2="7" tag="655"><subfield code="a">Newspapers.</subfield><subfield code="2">fast</subfield><subfield code="0">(OCoLC)fst01423814</subfield></datafield><datafield ind1=" " ind2="7" tag="651"><subfield code="a">Kentucky</subfield><subfield code="z">Crittenden County.</subfield><subfield code="2">fast</subfield><subfield code="0">(OCoLC)fst01225080</subfield></datafield><datafield ind1=" " ind2="7" tag="651"><subfield code="a">Kentucky</subfield><subfield code="z">Marion.</subfield><subfield code="2">fast</subfield><subfield code="0">(OCoLC)fst01250999</subfield></datafield><datafield ind1=" " ind2=" " tag="752"><subfield code="a">United States</subfield><subfield code="b">Kentucky</subfield><subfield code="c">Crittenden</subfield><subfield code="d">Marion.</subfield></datafield><datafield ind1="0" ind2="4" tag="785"><subfield code="t">Crittenden press (Marion, Ky. : 1919)</subfield><subfield code="x">2332-5321</subfield><subfield code="w">(DLC)sn 86069461</subfield><subfield code="g">Apr. 1, 1955</subfield><subfield code="w">(OCoLC)14183519</subfield></datafield></record>